@inproceedings{bib1,
  title={Transition-based RRT for path planning in continuous cost spaces},
  author={Jaillet, L{\'e}onard and Cort{\'e}s, Juan and Sim{\'e}on, Thierry},
  booktitle={Intelligent Robots and Systems, 2008. IROS 2008. IEEE/RSJ International Conference on},
  pages={2145--2150},
  year={2008},
  organization={IEEE}
}
